@misc{mytracks,
  author = "Google / Miscallaneous",
  title = {{My Tracks}},
  howpublished = "\url{http://www.google.com/mobile/mytracks/}",
  year = 2013,
  month = may,
  note = "Izgūts 2013. gada 25. maijā"
}
@misc{g_play_endomondo,
  author = "Google",
  title = {{Endomondo}},
  howpublished = "\url{https://play.google.com/store/apps/details?id=com.endomondo.android}",
  year = 2013,
  month = may,
  note = "Izgūts 2013. gada 26. maijā"
}
@misc{moves_app,
  author = "ProtoGeo",
  title = {{Moves App}},
  howpublished = "\url{https://moves-app.com/}",
  year = 2013,
  month = may,
  note = "Izgūts 2013. gada 26. maijā"
}
@article{fcc_e911,
 author = {Federal Communications Commission},
 title = {{Interconnected VoIP Service; Wireless E911 Location Accuracy Requirements; E911 Requirements for IP-Enabled Service Providers}},
 journal = {},
 issue_date = {September 28, 2011},
 volume = {76},
 number = {188},
 month = sep,
 year = {2011},
 pages = {59916--59921},
 numpages = {5},
 url = {http://www.gpo.gov/fdsys/pkg/FR-2011-09-28/pdf/2011-24865.pdf},
 publisher = {Federal Register},
}
@article{zheng_gps_segmentation,
 author = {Zheng, Yu and Chen, Yukun and Li, Quannan and Xie, Xing and Ma, Wei-Ying},
 title = {Understanding transportation modes based on GPS data for web applications},
 journal = {ACM Trans. Web},
 issue_date = {January 2010},
 volume = {4},
 number = {1},
 month = jan,
 year = {2010},
 issn = {1559-1131},
 pages = {1:1--1:36},
 articleno = {1},
 numpages = {36},
 url = {http://doi.acm.org/10.1145/1658373.1658374},
 doi = {10.1145/1658373.1658374},
 acmid = {1658374},
 publisher = {ACM},
 address = {New York, NY, USA},
 keywords = {GPS trajectory, GeoLife, Spatial data mining, transportation modes, ubiquitous computing, understanding user behavior, user mobility},
} 
@article{daniell1946,
  title={Discussion on symposium on autocorrelation in time series},
  author={Daniell, PJ},
  journal={Journal of the Royal Statistical Society},
  volume={8},
  pages={29--97},
  year={1946}
}
